@article{deb2002fast,
  title		= {A fast and elitist multiobjective genetic algorithm: NSGA-II},
  author	= {Deb, Kalyanmoy and Pratap, Amrit and Agarwal, Sameer and Meyarivan, TAMT},
  journal	= {IEEE transactions on evolutionary computation},
  volume	= {6},
  number	= {2},
  pages		= {182--197},
  year		= {2002},
  publisher	= {IEEE}
}

@article{milgram1969note,
  title		= {Note on the drawing power of crowds of different size.},
  author	= {Milgram, Stanley and Bickman, Leonard and Berkowitz, Lawrence},
  journal	= {Journal of personality and social psychology},
  volume	= {13},
  number	= {2},
  pages		= {79},
  year		= {1969},
  publisher	= {American Psychological Association}
}

@article{maxwell1865viii,
  title		= {VIII. A dynamical theory of the electromagnetic field},
  author	= {Maxwell, James Clerk},
  journal	= {Philosophical transactions of the Royal Society of London},
  number	= {155},
  pages		= {459--512},
  year		= {1865},
  publisher	= {The Royal Society London}
}

@article{van2019fantastic,
  title		= {Fantastic yeasts and where to find them: the hidden diversity of dimorphic fungal pathogens},
  author	= {Van Dyke, Marley C Caballero and Teixeira, Marcus M and Barker, Bridget M},
  journal	= {Current opinion in microbiology},
  volume	= {52},
  pages		= {55--63},
  year		= {2019},
  publisher	= {Elsevier}
}

@article{de2019effect,
  title		= {The effect of having Christmas dinner with in-laws on gut microbiota composition},
  author	= {de Clercq, Nicolien C and Frissen, Myrthe N and Levin, Evgeni and Davids, Mark and Hartman, Jorn and Prodan, Andrei and Herrema, Hilde and Groen, Albert K and Romijn, Johannes A and Nieuwdorp, Max},
  journal	= {Human Microbiome Journal},
  volume	= {13},
  pages		= {100058},
  year		= {2019},
  publisher	= {Elsevier}
}
